@article{TODO:sample2024,
  title={TODO: Replace with real reference},
  author={Doe, John},
  journal={Journal of Placeholder Studies},
  year={2024}
}
